<?xml version="1.0" encoding="UTF-8"?><record xmlns="http://www.loc.gov/MARC21/slim" xmlns:cinclude="http://apache.org/cocoon/include/1.0" xmlns:zs="http://www.loc.gov/zing/srw/">
  <leader>00635cz  a2200133n  4500</leader>
  <controlfield tag="001">n  85164168 </controlfield>
  <controlfield tag="003">DLC</controlfield>
  <controlfield tag="005">20141021073813.0</controlfield>
  <controlfield tag="008">851203n| azannaabn          |n ana      </controlfield>
  <datafield tag="010" ind1=" " ind2=" ">
    <subfield code="a">n  85164168 </subfield>
  </datafield>
  <datafield tag="035" ind1=" " ind2=" ">
    <subfield code="a">(OCoLC)oca01453402</subfield>
  </datafield>
  <datafield tag="040" ind1=" " ind2=" ">
    <subfield code="a">DLC</subfield>
    <subfield code="b">eng</subfield>
    <subfield code="e">rda</subfield>
    <subfield code="c">DLC</subfield>
    <subfield code="d">DLC</subfield>
    <subfield code="d">OCoLC</subfield>
    <subfield code="d">InU</subfield>
  </datafield>
  <datafield tag="110" ind1="2" ind2=" ">
    <subfield code="a">Agrárgazdasági Kutató Intézet.</subfield>
    <subfield code="b">Külgazdasági és Kereskedelmi Főosztály</subfield>
  </datafield>
  <datafield tag="670" ind1=" " ind2=" ">
    <subfield code="a">Sebők, E. Útmutató külföldi részvétellel működő gazdasági társulás alapításához és működtetéséhez, 1984:</subfield>
    <subfield code="b">verso t.p. (Agrárgazdasági Kutató Intézet Külgazdasági és Kereskedelmi Főosztálya)</subfield>
  </datafield>
</record>